<?xml version="1.0" encoding="UTF-8"?><collection xmlns="http://www.loc.gov/MARC21/slim"><record><leader>00508nam--2200193-u-4500</leader><controlfield tag="001">000054996</controlfield><controlfield tag="002">20161230</controlfield><controlfield tag="005">20170106000311</controlfield><controlfield tag="008">120718s1000------------r-----000-0-rus-d</controlfield><datafield ind1=" " ind2=" " tag="040"><subfield code="a">IFIN-HH</subfield></datafield><datafield ind1=" " ind2=" " tag="041"><subfield code="a">rus</subfield></datafield><datafield ind1=" " ind2=" " tag="080"><subfield code="a">539.194</subfield></datafield><datafield ind1="1" ind2=" " tag="100"><subfield code="a">Maiant, L. S</subfield></datafield><datafield ind1="1" ind2="0" tag="245"><subfield code="a">Teoria i rascet intensivnostei v kolebatelnih spektrah molekul</subfield><subfield code="c">L.S. Maiant, B.S. Averbuh</subfield></datafield><datafield ind1=" " ind2=" " tag="260"><subfield code="a">Moskva</subfield><subfield code="b">Nauka</subfield><subfield code="c">1971</subfield></datafield><datafield ind1=" " ind2=" " tag="300"><subfield code="a">140 p</subfield></datafield><datafield ind1="1" ind2=" " tag="700"><subfield code="a">Averbuh, B. S</subfield></datafield><datafield ind1=" " ind2=" " tag="852"><subfield code="a">75669</subfield><subfield code="c">539.19</subfield></datafield><datafield ind1=" " ind2=" " tag="CAT"><subfield code="a">SYS</subfield><subfield code="c">20170106</subfield><subfield code="h">000311</subfield></datafield></record></collection>